@misc{ethereum,
	author = {G.~Wood},
	title = {Ethereum: A secure decentralised generalised transaction ledger},
	howpublished = { \url{http://gavwood.com/paper.pdf}}
}

@inproceedings{aslam2010,
	author={Aslam, Faisal and Fennell, Luminous and Schindelhauer, Christian and Thiemann, Peter and Ernst, Gidon and Haussmann, Elmar and Ruhrup, Stefan and Uzmi, Zastash A.},
	title={Optimized Java Binary and Virtual Machine for Tiny Motes},
	bookTitle={Distributed Computing in Sensor Systems: 6th IEEE International Conference, DCOSS 2010, Santa Barbara, CA, USA, June 21-23, 2010. Proceedings},
	year={2010},
	publisher={Springer Berlin Heidelberg}
}

@inproceedings{latendresse2003,
 author = {Latendresse, Mario and Feeley, Marc},
 title = {Generation of Fast Interpreters for Huffman Compressed Bytecode},
 booktitle = {Proceedings of the 2003 Workshop on Interpreters, Virtual Machines and Emulators},
 series = {IVME '03},
 year = {2003},
 pages = {32--40},
 publisher = {ACM}
} 
