@misc{ethereum,
	author = {G.~Wood},
	title = {Ethereum: A secure decentralised generalised transaction ledger},
	howpublished = { \url{http://gavwood.com/paper.pdf}}
}

@misc{go-eth,
	author = {{Ethereum (GitHub user)}},
	title = {Official {Go} implementation of the {Ethereum} protocol},
	howpublished = {\url{https://github.com/ethereum/go-ethereum}}
}

@misc{ethdiskspace,
	author={{Stack Exchange}},
	title ={What are the Ethereum disk space needs?},
	howpublished = { \url{http://ethereum.stackexchange.com/questions/143/what-are-the-ethereum-disk-space-needs}}
}

@misc{ethtx,
	author={Etherscan},
	title ={The Ethereum Block Explorer}, 
	howpublished = {\url{https://etherscan.io/txs}}
}
@misc{ethblocksize,
	author={Etherscan},
	title ={Ethereum Average BlockSize Chart}, 
	howpublished = {\url{https://etherscan.io/charts/blocksize}}
}
@misc{testnet,
	author = {{Ethereum (GitHub user)}},
	title = {Morden},
	howpublished = {\url{https://github.com/ethereum/wiki/wiki/Morden}}
}

@misc{lightclient,
	author = {{Ethereum (GitHub user)}},
	title = {Light Ethereum Subprotocol},
	howpublished = {\url{https://github.com/zsfelfoldi/go-ethereum/wiki/Light-Ethereum-Subprotocol-%28LES%29}}
}

@misc{ultimate,
	author = {Bitcoin},
	title = {Ultimate Blockchain Compression with Trust-free Light Nodes},
	howpublished = {\url{https://bitcointalk.org/index.php?topic=88208.msg970010#msg970010}}
}

@misc{mast,
	author = {Bitcoin},
	title = {Merkelized Abstract Syntax Tree},
	howpublished = {\url{https://github.com/bitcoin/bips/blob/master/bip-0114.mediawiki}}
}

@inproceedings{marc2003,
 author = {Latendresse, Mario and Feeley, Marc},
 title = {Generation of Fast Interpreters for Huffman Compressed Bytecode},
 booktitle = {Proceedings of the 2003 Workshop on Interpreters, Virtual Machines and Emulators},
 series = {IVME 03},
 year = {2003},
 publisher = {ACM}
} 

@Inbook{aslam2010,
	author="Aslam, Faisal
		and Fennell, Luminous
		and Schindelhauer, Christian
		and Thiemann, Peter
		and Ernst, Gidon
		and Haussmann, Elmar
		and R{\"u}hrup, Stefan
		and Uzmi, Zastash A.",
	editor="Rajaraman, Rajmohan
		and Moscibroda, Thomas
		and Dunkels, Adam
		and Scaglione, Anna",
	title="Optimized Java Binary and Virtual Machine for Tiny Motes",
	bookTitle="Distributed Computing in Sensor Systems: 6th IEEE International Conference, DCOSS 2010, Santa Barbara, CA, USA, June 21-23, 2010. Proceedings",
	year="2010",
	publisher="Springer Berlin Heidelberg",
	pages="15--30",
}
@article{clausen2000,
 author = {Clausen, Lars R{\ae}der and Schultz, Ulrik Pagh and Consel, Charles and Muller, Gilles},
 title = {Java Bytecode Compression for Low-end Embedded Systems},
 journal = {ACM Transaction of Programming Languages and Systems.},
 volume = {22},
 number = {3},
 year = {2000},
 publisher = {ACM}
} 

@article{evans2003,
 author = {Evans, William S. and Fraser, Christopher W.},
 title = {Grammar-based Compression of Interpreted Code},
 journal = {Communication of ACM},
 volume = {46},
 number = {8},
 year = {2003},
 publisher = {ACM}
} 

